@inproceedings{rpai,
  author       = {Supun Abeysinghe and
                  Qiyang He and
                  Tiark Rompf},
  title        = {Efficient Incrementialization of Correlated Nested Aggregate Queries
                  using Relative Partial Aggregate Indexes {(RPAI)}},
  booktitle    = {{SIGMOD} Conference},
  pages        = {136--149},
  publisher    = {{ACM}},
  year         = {2022}
}

@article{sqlpp,
  author       = {Kian Win Ong and
                  Yannis Papakonstantinou and
                  Romain Vernoux},
  title        = {The {SQL++} Semi-structured Data Model and Query Language: {A} Capabilities
                  Survey of SQL-on-Hadoop, NoSQL and NewSQL Databases},
  journal      = {CoRR},
  volume       = {abs/1405.3631},
  year         = {2014}
}

@article{tensor_comprehensions,
  author       = {Nicolas Vasilache and
                  Oleksandr Zinenko and
                  Theodoros Theodoridis and
                  Priya Goyal and
                  Zachary DeVito and
                  William S. Moses and
                  Sven Verdoolaege and
                  Andrew Adams and
                  Albert Cohen},
  title        = {Tensor Comprehensions: Framework-Agnostic High-Performance Machine
                  Learning Abstractions},
  journal      = {CoRR},
  volume       = {abs/1802.04730},
  year         = {2018}
}

@misc{einsumblog,
author = {Tim Rockt√§schel},
title = {EINSUM IS ALL YOU NEED - EINSTEIN SUMMATION IN DEEP LEARNING},
howpublished = {\url{https://rockt.github.io/2018/04/30/einsum}},
note = {Accessed: 2023-09-27},
year = {2018-04-30}
}